01REMESSA01COBRANCA       074100055438        Sociedade Hipica Paulista     341BANCO ITAU SA  270422                                                                                                                                                                                                                                                                                                      000001
10262478938000179074100055438        0000000000000000000000000000321400000000000000109                     I01oq4-dtfk3 29042200000011109323410000001N270422000000000000000002704220000000000000000000000000000000000000000100022249374821JOSE LUIZ GUIMARAES DE CARVALH          Rua Tarcilia Gomes Ribeiro 148          Jardim do Go12244652SAO JOSE DOS CA                                    27042200 000002
40262478938000179074100055438109000321407010741000588950000000000NaN2419009941870000000000NaN074100055628000000002041307410063116200000000184800741000553540000000000NaN0000000000000000000000000000000000000000000000000000000000000000000000000000000000000000000000000000000000000000000000000000000000000000000000000000000000000000000000000000000000000000000000000000000000000000000000000000000002000003
10262478938000179074100055438        0000000000000000000000000000322550000000000000109                     I01p26-du89s 29042200000030000003410000001N270422000000000000000002704220000000000000000000000000000000000000000230094561000168AFN SPORT HOUSES EPP                    Rua Antonieta Revoredo 348              Vila Elvira 04725010SAO PAULO                                          27042200 000004
4026247893800017907410005543810900032255301074100631162000000300000000000000000000000000000000000000000000000000000000000000000000000000000000000000000000000000000000000000000000000000000000000000000000000000000000000000000000000000000000000000000000000000000000000000000000000000000000000000000000000000000000000000000000000000000000000000000000000000000000000000000000000000000000000000000002000005
10262478938000179241900055438        0000000000000000000000000000322340000000000000109                     I01p47-duc5m 05052200000000288573410000001N270422000000000000000002704220000000000000000000000000000000000000000100000300543891ADOLFO MILANI FILHO                     Rua da Consolacao 3075                  Cerqueira Ce01416001SAO PAULO                                          27042200 000006
4026247893800017924190005543810900032234801241900994187000000002885700000000000000000000000000000000000000000000000000000000000000000000000000000000000000000000000000000000000000000000000000000000000000000000000000000000000000000000000000000000000000000000000000000000000000000000000000000000000000000000000000000000000000000000000000000000000000000000000000000000000000000000000000000000000002000007
10262478938000179241900055438        0000000000000000000000000000322350000000000000109                     I01p48-duc5n 05052200000000288573410000001N270422000000000000000002704220000000000000000000000000000000000000000100032366582820RUY CLAUDIO RIBEIRO SANTIAGO            RUA DR RENATO PAES DE BARROS 1054       ITAIM BIBI  04530001SAO PAULO                                          27042200 000008
4026247893800017924190005543810900032235501241900994187000000002885700000000000000000000000000000000000000000000000000000000000000000000000000000000000000000000000000000000000000000000000000000000000000000000000000000000000000000000000000000000000000000000000000000000000000000000000000000000000000000000000000000000000000000000000000000000000000000000000000000000000000000000000000000000000002000009
10262478938000179241900055438        0000000000000000000000000000322360000000000000109                     I01p49-duc5o 05052200000000288573410000001N270422000000000000000002704220000000000000000000000000000000000000000100006475779849ANNA MARIA A FERREIRA DA SILVA          RUA SABARA 47                           HIGIENOPOLIS01239011SAO PAULO                                          27042200 000010
4026247893800017924190005543810900032236301241900994187000000002885700000000000000000000000000000000000000000000000000000000000000000000000000000000000000000000000000000000000000000000000000000000000000000000000000000000000000000000000000000000000000000000000000000000000000000000000000000000000000000000000000000000000000000000000000000000000000000000000000000000000000000000000000000000000002000011
10262478938000179241900055438        0000000000000000000000000000316380000000000000109                     I01p4a-duc5p 05052200000000288573410000001N270422000000000000000002704220000000000000000000000000000000000000000100002322269891AUGUSTO FREIRE MEIRELLES JR             Rua Conselheiro Torres Homem 542        Jardim Pauli01432010SAO PAULO                                          27042200 000012
4026247893800017924190005543810900031638101241900994187000000002885700000000000000000000000000000000000000000000000000000000000000000000000000000000000000000000000000000000000000000000000000000000000000000000000000000000000000000000000000000000000000000000000000000000000000000000000000000000000000000000000000000000000000000000000000000000000000000000000000000000000000000000000000000000000002000013
10262478938000179241900055438        0000000000000000000000000000322370000000000000109                     I01p4b-duc5q 05052200000000288573410000001N270422000000000000000002704220000000000000000000000000000000000000000100023768134849ROBERTO EGYDIO DE SOUZA ARANHA          RUA ENRICO DE MARTINO 66                JARDIM LEONO05652010SAO PAULO                                          27042200 000014
4026247893800017924190005543810900032237101241900994187000000002885700000000000000000000000000000000000000000000000000000000000000000000000000000000000000000000000000000000000000000000000000000000000000000000000000000000000000000000000000000000000000000000000000000000000000000000000000000000000000000000000000000000000000000000000000000000000000000000000000000000000000000000000000000000000002000015
10262478938000179241900055438        0000000000000000000000000000322390000000000000109                     I01p4c-duc5r 05052200000000288573410000001N270422000000000000000002704220000000000000000000000000000000000000000100088260836815FABIO LUIZ TUNA VIEIRA                  RUA MARECHAL DEODORO 135                GRANJA JULIE04738000SAO PAULO                                          27042200 000016
4026247893800017924190005543810900032239701241900994187000000002885700000000000000000000000000000000000000000000000000000000000000000000000000000000000000000000000000000000000000000000000000000000000000000000000000000000000000000000000000000000000000000000000000000000000000000000000000000000000000000000000000000000000000000000000000000000000000000000000000000000000000000000000000000000000002000017
10262478938000179241900055438        0000000000000000000000000000322400000000000000109                     I01p4d-duc5s 05052200000000288573410000001N270422000000000000000002704220000000000000000000000000000000000000000100025081560863NELSON ALIPERTI JR                      RUA LICINIA NOGUEIRA MAGALHAES 225      INHUMIRIM   14270000SANTA ROSA DE V                                    27042200 000018
4026247893800017924190005543810900032240501241900994187000000002885700000000000000000000000000000000000000000000000000000000000000000000000000000000000000000000000000000000000000000000000000000000000000000000000000000000000000000000000000000000000000000000000000000000000000000000000000000000000000000000000000000000000000000000000000000000000000000000000000000000000000000000000000000000000002000019
10262478938000179241900055438        0000000000000000000000000000322410000000000000109                     I01p4e-duc5t 05052200000000288573410000001N270422000000000000000002704220000000000000000000000000000000000000000100012581469838MARCELLA FALBO GIACAGLIA                RUA CONSELHEIRO ZACARIAS 63             JARDIM PAULI01429020SAO PAULO                                          27042200 000020
4026247893800017924190005543810900032241301241900994187000000002885700000000000000000000000000000000000000000000000000000000000000000000000000000000000000000000000000000000000000000000000000000000000000000000000000000000000000000000000000000000000000000000000000000000000000000000000000000000000000000000000000000000000000000000000000000000000000000000000000000000000000000000000000000000000002000021
10262478938000179241900055438        0000000000000000000000000000322430000000000000109                     I01p4f-duc5u 05052200000000288573410000001N270422000000000000000002704220000000000000000000000000000000000000000222257937000180HIPICA VITORIA                          ESTRADA DO TAPANA  BELEM - PA 8                     68790000SANTA ISABEL DO                                    27042200 000022
4026247893800017924190005543810900032243901241900994187000000002885700000000000000000000000000000000000000000000000000000000000000000000000000000000000000000000000000000000000000000000000000000000000000000000000000000000000000000000000000000000000000000000000000000000000000000000000000000000000000000000000000000000000000000000000000000000000000000000000000000000000000000000000000000000000002000023
10262478938000179241900055438        0000000000000000000000000000322460000000000000109                     I01p4g-duc5v 05052200000000288573410000001N270422000000000000000002704220000000000000000000000000000000000000000100000201120844ALTAMIRO BOSCOLI                        AV PEDROSO DE MORAES 1201               PINHEIROS   05419001SAO PAULO                                          27042200 000024
4026247893800017924190005543810900032246201241900994187000000002885700000000000000000000000000000000000000000000000000000000000000000000000000000000000000000000000000000000000000000000000000000000000000000000000000000000000000000000000000000000000000000000000000000000000000000000000000000000000000000000000000000000000000000000000000000000000000000000000000000000000000000000000000000000000002000025
10262478938000179241900055438        0000000000000000000000000000322470000000000000109                     I01p4h-duc5w 05052200000000288573410000001N270422000000000000000002704220000000000000000000000000000000000000000100000721204872JOSE EDUARDO DE FARIA LIMA              Via das Papoulas 328                    Jardim Colib06805340EMBU DAS ARTES                                     27042200 000026
4026247893800017924190005543810900032247001241900994187000000002885700000000000000000000000000000000000000000000000000000000000000000000000000000000000000000000000000000000000000000000000000000000000000000000000000000000000000000000000000000000000000000000000000000000000000000000000000000000000000000000000000000000000000000000000000000000000000000000000000000000000000000000000000000000000002000027
10262478938000179241900055438        0000000000000000000000000000322480000000000000109                     I01p4j-duc5y 05052200000000288573410000001N270422000000000000000002704220000000000000000000000000000000000000000100008494714864CLAUDIO MARQUES SAMAIA                  AV PRES JUSCELINO KUBITSCHEK 28         CHACARA ITAI04543000SAO PAULO                                          27042200 000028
4026247893800017924190005543810900032248801241900994187000000002885700000000000000000000000000000000000000000000000000000000000000000000000000000000000000000000000000000000000000000000000000000000000000000000000000000000000000000000000000000000000000000000000000000000000000000000000000000000000000000000000000000000000000000000000000000000000000000000000000000000000000000000000000000000000002000029
10262478938000179241900055438        0000000000000000000000000000322490000000000000109                     I01p4k-duc5z 05052200000000288573410000001N270422000000000000000002704220000000000000000000000000000000000000000100076178668872PAULO CARNEIRO MAIA FILHO               RUA CACONDE 49                          JD PAULISTA 01425011SAO PAULO                                          27042200 000030
4026247893800017924190005543810900032249601241900994187000000002885700000000000000000000000000000000000000000000000000000000000000000000000000000000000000000000000000000000000000000000000000000000000000000000000000000000000000000000000000000000000000000000000000000000000000000000000000000000000000000000000000000000000000000000000000000000000000000000000000000000000000000000000000000000000002000031
10262478938000179241900055438        0000000000000000000000000000322540000000000000109                     I01p4m-duc61 05052200000000288573410000001N270422000000000000000002704220000000000000000000000000000000000000000100002275375805ANA CRISTINA P CARNEIRO RAVAGN          RUA ENGENHEIRO OSCAR AMERICANO 197      CIDADE JARDI05673050SAO PAULO                                          27042200 000032
4026247893800017924190005543810900032254601241900994187000000002885700000000000000000000000000000000000000000000000000000000000000000000000000000000000000000000000000000000000000000000000000000000000000000000000000000000000000000000000000000000000000000000000000000000000000000000000000000000000000000000000000000000000000000000000000000000000000000000000000000000000000000000000000000000000002000033
10262478938000179074100055438        0000000000000000000000000000322200000000000000109                     I01p52-duc6h 05052200000000302233410000001N270422000000000000000002704220000000000000000000000000000000000000000100021443619833NEYDE FERREIRA GUIMARAES                RUA MICHIGAN 1211                       CIDADE MONCO04566002SAO PAULO                                          27042200 000034
4026247893800017907410005543810900032220701074100055354000000003022300000000000000000000000000000000000000000000000000000000000000000000000000000000000000000000000000000000000000000000000000000000000000000000000000000000000000000000000000000000000000000000000000000000000000000000000000000000000000000000000000000000000000000000000000000000000000000000000000000000000000000000000000000000000002000035
10262478938000179241900055438        0000000000000000000000000000322210000000000000109                     I01p55-duc6k 05052200000000358013410000001N270422000000000000000002704220000000000000000000000000000000000000000100000763843814CELSO MONTEIRO NETO                     R FRANCISCO MICHALUATE 69               BROOKLIN    04558010SAO PAULO                                          27042200 000036
4026247893800017924190005543810900032221501241900994187000000002885707410005535400000000069440000000000000000000000000000000000000000000000000000000000000000000000000000000000000000000000000000000000000000000000000000000000000000000000000000000000000000000000000000000000000000000000000000000000000000000000000000000000000000000000000000000000000000000000000000000000000000000000000000000000002000037
10262478938000179241900055438        0000000000000000000000000000322220000000000000109                     I01p57-duc6m 05052200000000440893410000001N270422000000000000000002704220000000000000000000000000000000000000000100014282159804LUIS FELIPE SCARPA STREET               AV BRIG FARIA LIMA 2927                 ITAIM BIBI  01452000SAO PAULO                                          27042200 000038
4026247893800017924190005543810900032222301241900994187000000002885707410005535400000000152320000000000000000000000000000000000000000000000000000000000000000000000000000000000000000000000000000000000000000000000000000000000000000000000000000000000000000000000000000000000000000000000000000000000000000000000000000000000000000000000000000000000000000000000000000000000000000000000000000000000002000039
10262478938000179241900055438        0000000000000000000000000000322230000000000000109                     I01p59-duc6o 05052200000000535413410000001N270422000000000000000002704220000000000000000000000000000000000000000100012969160811NANCY REVOREDO CAMPOS                   RUA PUREUS 120                          JARDIM GUEDA05610000SAO PAULO                                          27042200 000040
4026247893800017924190005543810900032223101241900994187000000002885707410005889500000000246840000000000000000000000000000000000000000000000000000000000000000000000000000000000000000000000000000000000000000000000000000000000000000000000000000000000000000000000000000000000000000000000000000000000000000000000000000000000000000000000000000000000000000000000000000000000000000000000000000000000002000041
10262478938000179241900055438        0000000000000000000000000000322250000000000000109                     I01p5g-duc6v 05052200000000825593410000001N270422000000000000000002704220000000000000000000000000000000000000000100067843182853RICARDO DUARTE PASSOS                   RUA IARA 122                            ITAIM BIBI  04542030SAO PAULO                                          27042200 000042
4026247893800017924190005543810900032225601241900994187000000002885707410005889500000000537020000000000000000000000000000000000000000000000000000000000000000000000000000000000000000000000000000000000000000000000000000000000000000000000000000000000000000000000000000000000000000000000000000000000000000000000000000000000000000000000000000000000000000000000000000000000000000000000000000000000002000043
10262478938000179074100055438        0000000000000000000000000000322260000000000000109                     I01p5h-duc6w 05052200000000935913410000001N270422000000000000000002704220000000000000000000000000000000000000000100022838884840JOAO A TEIXEIRA MADUREIRA DE P          Rua Elias Cutait 384                    Cidade Jardi05672020SAO PAULO                                          27042200 000044
4026247893800017907410005543810900032226401074100058895000000006165107410005562800000000030832419009941870000000028857000000000000000000000000000000000000000000000000000000000000000000000000000000000000000000000000000000000000000000000000000000000000000000000000000000000000000000000000000000000000000000000000000000000000000000000000000000000000000000000000000000000000000000000000000000000002000045
10262478938000179074100055438        0000000000000000000000000000322270000000000000109                     I01p5n-duc72 05052200000000935913410000001N270422000000000000000002704220000000000000000000000000000000000000000100041821561880CAROLINA AMERICANO DA ROCHA             ALAMEDA MINISTRO ROCHA AZEVEDO 1409     CERQUEIRA CE01410003SAO PAULO                                          27042200 000046
4026247893800017907410005543810900032227201074100058895000000006165107410005562800000000030832419009941870000000028857000000000000000000000000000000000000000000000000000000000000000000000000000000000000000000000000000000000000000000000000000000000000000000000000000000000000000000000000000000000000000000000000000000000000000000000000000000000000000000000000000000000000000000000000000000000002000047
10262478938000179074100055438        0000000000000000000000000000322280000000000000109                     I01p5t-duc78 05052200000000935913410000001N270422000000000000000002704220000000000000000000000000000000000000000100006374590830LIGIA MARIA V GODOY SIMONSEN            Rua Guararapes 13616                    Brooklin Pau04561001SAO PAULO                                          27042200 000048
4026247893800017907410005543810900032228001074100058895000000006165107410005562800000000030832419009941870000000028857000000000000000000000000000000000000000000000000000000000000000000000000000000000000000000000000000000000000000000000000000000000000000000000000000000000000000000000000000000000000000000000000000000000000000000000000000000000000000000000000000000000000000000000000000000000002000049
10262478938000179074100055438        0000000000000000000000000000322290000000000000109                     I01p8p-duccs 05052200000001763573410000001N270422000000000000000002704220000000000000000000000000000000000000000100000189006820CARLOS EDUARDO NOBREGA BATTIST          RUA MANUEL JACINTO 932                  VILA MORSE  05624001SAO PAULO                                          27042200 000050
4026247893800017907410005543810900032229801074100631162000000014750024190099418700000000288570000000000000000000000000000000000000000000000000000000000000000000000000000000000000000000000000000000000000000000000000000000000000000000000000000000000000000000000000000000000000000000000000000000000000000000000000000000000000000000000000000000000000000000000000000000000000000000000000000000000002000051
10262478938000179074100055438        0000000000000000000000000000322300000000000000109                     I01p8s-duccv 05052200000001899593410000001N270422000000000000000002704220000000000000000000000000000000000000000100045649324387JORGE FONTOURA PINHEIRO KOREN           Rua Joao Lourenco 463                   Vila Nova Co04508030SAO PAULO                                          27042200 000052
4026247893800017907410005543810900032230601074100058895000000018091307410005562800000000090460000000000000000000000000000000000000000000000000000000000000000000000000000000000000000000000000000000000000000000000000000000000000000000000000000000000000000000000000000000000000000000000000000000000000000000000000000000000000000000000000000000000000000000000000000000000000000000000000000000000002000053
10262478938000179074100055438        0000000000000000000000000000318020000000000000109                     I01p8u-duccx 05052200000001894973410000001N270422000000000000000002704220000000000000000000000000000000000000000100032338096897FREDERICO JORGE BOTELHO ANDRAD          Rua Georgia 1021                        Brooklin Pau04559012SAO PAULO                                          27042200 000054
4026247893800017907410005543810900031802301074100058895000000012330307410005562800000000061652419009941870000000060029000000000000000000000000000000000000000000000000000000000000000000000000000000000000000000000000000000000000000000000000000000000000000000000000000000000000000000000000000000000000000000000000000000000000000000000000000000000000000000000000000000000000000000000000000000000002000055
10262478938000179241900055438        0000000000000000000000000000322310000000000000109                     I01p8y-ducd1 05052200000001927693410000001N270422000000000000000002704220000000000000000000000000000000000000000100023240601834LUIZ GONZAGA DE ATHAYDE VASONE          RUA BANDEIRA PAULISTA LOFT SAO PAULO IV ITAIM BIBI  04532000SAO PAULO                                          27042200 000056
4026247893800017924190005543810900032231401241900994187000000002885707410005535400000001639120000000000000000000000000000000000000000000000000000000000000000000000000000000000000000000000000000000000000000000000000000000000000000000000000000000000000000000000000000000000000000000000000000000000000000000000000000000000000000000000000000000000000000000000000000000000000000000000000000000000002000057
10262478938000179241900055438        0000000000000000000000000000322330000000000000109                     I01p99-ducg6 05052200000002188163410000001N270422000000000000000002704220000000000000000000000000000000000000000100069764174868ANTONIO LUIZ DE VASCONCELLOS M          RUA CARLOS CIRILO JUNIOR 498            MORUMBI     05514000SAO PAULO                                          27042200 000058
4026247893800017924190005543810900032233001241900994187000000002885707410005889500000001809130741000556280000000009046000000000000000000000000000000000000000000000000000000000000000000000000000000000000000000000000000000000000000000000000000000000000000000000000000000000000000000000000000000000000000000000000000000000000000000000000000000000000000000000000000000000000000000000000000000000002000059
10262478938000179241900055438        0000000000000000000000000000322450000000000000109                     I01pcn-duc2o 05052200000002663053410000001N270422000000000000000002704220000000000000000000000000000000000000000100037363182868RICARDO LIMA DE MIRANDA                 ALAMEDA CASA BRANCA 652                 JARDIM PAULI01408000SAO PAULO                                          27042200 000060
40262478938000179241900055438109000322454012419009941870000000000NaN07410005889500000002261410741000556280000000000NaN000000000000000000000000000000000000000000000000000000000000000000000000000000000000000000000000000000000000000000000000000000000000000000000000000000000000000000000000000000000000000000000000000000000000000000000000000000000000000000000000000000000000000000000000000000000002000061
10262478938000179241900055438        0000000000000000000000000000322420000000000000109                     I01pe5-duc46 05052200000003476343410000001N270422000000000000000002704220000000000000000000000000000000000000000100003875526856MARCOS RIBEIRO LEITE                    AV BRIG FARIA LIMA 1306                 JD PAULISTAN01452906SAO PAULO                                          27042200 000062
40262478938000179241900055438109000322421012419009941870000000000NaN0741007291560000000000NaN0741000588950000000186731074100055628000000000904600000000000000000000000000000000000000000000000000000000000000000000000000000000000000000000000000000000000000000000000000000000000000000000000000000000000000000000000000000000000000000000000000000000000000000000000000000000000000000000000000000000002000063
10262478938000179074100055438        0000000000000000000000000000322380000000000000109                     I01phq-duceg 05052200000010364283410000001N270422000000000000000002704220000000000000000000000000000000000000000100022249374821JOSE LUIZ GUIMARAES DE CARVALH          Rua Tarcilia Gomes Ribeiro 148          Jardim do Go12244652SAO JOSE DOS CA                                    27042200 000064
4026247893800017907410005543810900032238901074100058895000000083114307410005562800000000227962419009941870000000000NaN0741006311620000000000NaN07410005535400000000768320000000000000000000000000000000000000000000000000000000000000000000000000000000000000000000000000000000000000000000000000000000000000000000000000000000000000000000000000000000000000000000000000000000000000000000000000000000002000065
9                                                                                                                                                                                                                                                                                                                                                                                                         000066
